<record><leader>00000cas a2200000 a 4500</leader><controlfield tag="001">33399572</controlfield><controlfield tag="008">951101d19381939fluwr ne      0    0eng c</controlfield><datafield ind1=" " ind2=" " tag="010"><subfield code="a">sn 95047204 </subfield></datafield><datafield ind1=" " ind2=" " tag="040"><subfield code="a">FUG</subfield><subfield code="b">eng</subfield><subfield code="c">FUG</subfield><subfield code="d">OCLCQ</subfield><subfield code="d">OCLCF</subfield><subfield code="d">OCLCO</subfield></datafield><datafield ind1=" " ind2=" " tag="012"><subfield code="i">9511</subfield></datafield><datafield ind1="1" ind2=" " tag="029"><subfield code="a">AU@</subfield><subfield code="b">000025886445</subfield></datafield><datafield ind1=" " ind2=" " tag="042"><subfield code="a">pcc</subfield></datafield><datafield ind1=" " ind2=" " tag="043"><subfield code="a">n-us-fl</subfield></datafield><datafield ind1="0" ind2="4" tag="245"><subfield code="a">The Jewish citizen.</subfield></datafield><datafield ind1=" " ind2=" " tag="260"><subfield code="a">Jacksonville, Fla. :</subfield><subfield code="b">Citizen Pub. Co.,</subfield><subfield code="c">1938-1939.</subfield></datafield><datafield ind1=" " ind2=" " tag="300"><subfield code="a">v.</subfield></datafield><datafield ind1=" " ind2=" " tag="310"><subfield code="a">Weekly</subfield></datafield><datafield ind1="0" ind2=" " tag="362"><subfield code="a">Vol. 1, no. 1 (Nov. 18, 1938)- ; -v. 14, no. 38 (Aug. 4, 1939).</subfield></datafield><datafield ind1=" " ind2=" " tag="500"><subfield code="a">Isadore Moscovitz, editor.</subfield></datafield><datafield ind1=" " ind2=" " tag="515"><subfield code="a">Adopted the numbering of: Florida Jewish news.</subfield></datafield><datafield ind1=" " ind2=" " tag="530"><subfield code="a">Also issued on microfilm from the University of Florida.</subfield></datafield><datafield ind1=" " ind2="0" tag="650"><subfield code="a">Jewish newspapers</subfield><subfield code="z">Florida.</subfield></datafield><datafield ind1=" " ind2="0" tag="651"><subfield code="a">Jacksonville (Fla.)</subfield><subfield code="v">Newspapers.</subfield></datafield><datafield ind1=" " ind2="0" tag="651"><subfield code="a">Duval County (Fla.)</subfield><subfield code="v">Newspapers.</subfield></datafield><datafield ind1=" " ind2="7" tag="655"><subfield code="a">Newspapers.</subfield><subfield code="2">fast</subfield><subfield code="0">(OCoLC)fst01423814</subfield></datafield><datafield ind1=" " ind2="7" tag="650"><subfield code="a">Jewish newspapers.</subfield><subfield code="2">fast</subfield><subfield code="0">(OCoLC)fst00982872</subfield></datafield><datafield ind1=" " ind2="7" tag="651"><subfield code="a">Florida.</subfield><subfield code="2">fast</subfield><subfield code="0">(OCoLC)fst01205150</subfield></datafield><datafield ind1=" " ind2="7" tag="651"><subfield code="a">Florida</subfield><subfield code="z">Duval County.</subfield><subfield code="2">fast</subfield><subfield code="0">(OCoLC)fst01205260</subfield></datafield><datafield ind1=" " ind2="7" tag="651"><subfield code="a">Florida</subfield><subfield code="z">Jacksonville.</subfield><subfield code="2">fast</subfield><subfield code="0">(OCoLC)fst01205259</subfield></datafield><datafield ind1=" " ind2=" " tag="752"><subfield code="a">United States</subfield><subfield code="b">Florida</subfield><subfield code="c">Duval</subfield><subfield code="d">Jacksonville.</subfield></datafield><datafield ind1="1" ind2=" " tag="776"><subfield code="c">Microfilm</subfield><subfield code="d">George A. Smathers Libraries, University of Florida</subfield><subfield code="w">(DLC)sn 96027662</subfield><subfield code="w">(OCoLC)35315173</subfield></datafield><datafield ind1="0" ind2="5" tag="780"><subfield code="t">Florida Jewish news</subfield><subfield code="g">June 1939</subfield><subfield code="w">(DLC)sn 95047205</subfield><subfield code="w">(OCoLC)1409840</subfield></datafield><datafield ind1="0" ind2="0" tag="785"><subfield code="t">Southern Jewish weekly</subfield><subfield code="x">0038-4240</subfield><subfield code="w">(DLC)sn 78000090</subfield><subfield code="w">(OCoLC)3929713</subfield></datafield><datafield ind1=" " ind2=" " tag="850"><subfield code="a">FU</subfield></datafield></record>